<record><leader>00000cas a2200000 a 4500</leader><controlfield tag="001">44086779</controlfield><controlfield tag="008">000519c19979999wiuer ne      0    0eng c</controlfield><datafield ind1=" " ind2=" " tag="010"><subfield code="a">sn 00062171 </subfield></datafield><datafield ind1=" " ind2=" " tag="040"><subfield code="a">CVF</subfield><subfield code="b">eng</subfield><subfield code="c">CVF</subfield><subfield code="d">CNK</subfield><subfield code="d">OCLCQ</subfield><subfield code="d">OCLCF</subfield><subfield code="d">OCLCO</subfield></datafield><datafield ind1="1" ind2=" " tag="029"><subfield code="a">AU@</subfield><subfield code="b">000021576343</subfield></datafield><datafield ind1=" " ind2=" " tag="042"><subfield code="a">pcc</subfield></datafield><datafield ind1=" " ind2=" " tag="043"><subfield code="a">n-us-wi</subfield></datafield><datafield ind1="0" ind2="0" tag="245"><subfield code="a">Hocak worak.</subfield></datafield><datafield ind1="1" ind2=" " tag="246"><subfield code="i">At head of title, July 3-Nov. 12, 1997:</subfield><subfield code="a">Ho-chunk wo-lduk</subfield></datafield><datafield ind1=" " ind2=" " tag="260"><subfield code="a">Black River Falls, Wis. :</subfield><subfield code="b">Ho-Chunk Wo-Lduk</subfield></datafield><datafield ind1=" " ind2=" " tag="300"><subfield code="a">v.</subfield></datafield><datafield ind1=" " ind2=" " tag="310"><subfield code="a">Biweekly,</subfield><subfield code="b">Mar. 4-&lt;Mar. 31, 1998&gt;</subfield></datafield><datafield ind1=" " ind2=" " tag="321"><subfield code="a">Weekly,</subfield><subfield code="b">July 3, 1997-Feb. 25, 1998</subfield></datafield><datafield ind1="0" ind2=" " tag="362"><subfield code="a">Vol. 11, no. 18 (July 3, 1997)-</subfield></datafield><datafield ind1="2" ind2="0" tag="610"><subfield code="a">Wisconsin Winnebago Nation</subfield><subfield code="v">Newspapers.</subfield></datafield><datafield ind1=" " ind2="0" tag="650"><subfield code="a">Winnebago Indians</subfield><subfield code="z">Wisconsin</subfield><subfield code="v">Newspapers.</subfield></datafield><datafield ind1=" " ind2="0" tag="651"><subfield code="a">Black River Falls (Wis.)</subfield><subfield code="v">Newspapers.</subfield></datafield><datafield ind1=" " ind2="7" tag="655"><subfield code="a">Newspapers.</subfield><subfield code="2">fast</subfield><subfield code="0">(OCoLC)fst01423814</subfield></datafield><datafield ind1="2" ind2="7" tag="610"><subfield code="a">Ho-Chunk Nation of Wisconsin.</subfield><subfield code="2">fast</subfield><subfield code="0">(OCoLC)fst01715436</subfield></datafield><datafield ind1=" " ind2="7" tag="650"><subfield code="a">Winnebago Indians.</subfield><subfield code="2">fast</subfield><subfield code="0">(OCoLC)fst01176022</subfield></datafield><datafield ind1=" " ind2="7" tag="651"><subfield code="a">Wisconsin.</subfield><subfield code="2">fast</subfield><subfield code="0">(OCoLC)fst01204595</subfield></datafield><datafield ind1=" " ind2="7" tag="651"><subfield code="a">Wisconsin</subfield><subfield code="z">Black River Falls.</subfield><subfield code="2">fast</subfield><subfield code="0">(OCoLC)fst01222692</subfield></datafield><datafield ind1=" " ind2=" " tag="752"><subfield code="a">United States</subfield><subfield code="b">Wisconsin</subfield><subfield code="c">Jackson</subfield><subfield code="d">Black River Falls.</subfield></datafield><datafield ind1="0" ind2="0" tag="780"><subfield code="t">Ho-chunk wo-lduk</subfield><subfield code="w">(DLC)sn 94061021</subfield></datafield></record>